%%
%% This is file `example/bare_thesis.bib',
%% generated with the docstrip utility.
%%
%% The original source files were:
%%
%% install/buptgraduatethesis.dtx  (with options: `bare-thesis-bib')
%% 
%% This file is a part of the example of BUPTGraduateThesis.
%% 
%%文章 ARTICLE（多少期多少卷）[J]
%%书  BOOK [M]
%%学报 INPROCEEDINGS [C]
%%学位论文 DISSERTATION [D]
%%专利 PATENT [P]
%%标准 STANDARD [S]
%%链接 ELECTRONIC 
%%报纸 NEWSPAPER [N]
%%TECHREPORT [P]
%%1、期刊〔J〕 2、专著〔M〕 3、论文集〔C〕 4、学位论文〔D〕 5、专利〔P〕 6、标准〔S〕 7、报纸〔N〕 8、技术报告〔R〕
%%1、联机网上数据库〔DB/OL〕 2、磁带数据库〔DB/MT〕 3、光盘图书〔M/CD〕 4、磁盘软件〔CP/DK〕 5、网上期刊〔J/OL〕 6、网上电子公告〔EB/OL〕

@BUPTGraduateThesisBSTCTL{BSTcontrol,
  CTLmaxnum_authors = "3"
  CTLswitch_chs_punc = "no",
}

%Myself
@INPROCEEDINGS{SDN-1,
  author = "P Porras and S Shin and V Yegneswaran",
  title = "A security enforcement kernel for Open Flow networks",
  booktitle = "The 1st Workshop on Hot Topics in Software Defined Networks",
  address = "New York",
  publisher = "ACM Press",
  year = "2012",
  pages = "121-126",
  note = ""
}

%Myself
@ARTICLE{Virtual-1,
  author = "A Wang and M Iyer and R Dutta and G.N Rouskas and I Baldine",
  title = "Network Virtualization: Technologies, Perspectives, and Frontiers",
  booktitle = "Journal of Lightwave Technology",
  year = "2013",
  volume = "31",
  number = "4",
  pages = "523-537",
  multiseriesmsg = "year, volume, number and pages information for paper published in multi-series journals",
  note = ""
}

%Myself
@INPROCEEDINGS{Openstack-1,
  author = "Hua-YingChang. and Shie-YuanWang.",
  title = "Using SDN technology to mitigate congestion in the OpenStack data center network",
  booktitle = "(ICC)",
  address = "",
  publisher = "IEEE",
  year = "2015",
  pages = "401-406",
  note = ""
}

%Myself
@INPROCEEDINGS{Openstack-2,
  author = "E Feller and L Rilling and C Morin and Snooze",
  title = "A scalable and autonomic virtual machine management framework for private clouds",
  booktitle = "Proceedings of the 2012 12th IEEE/ACM International Symposium on Cluster",
  address = "",
  publisher = "IEEE Computer Society",
  year = "2012",
  pages = "482-489",
  note = ""
}

%Myself
@ELECTRONIC{OVX-1,
  author = "",
  title = "OpenVirteX web site",
  etype = "EB",
  ehowpublished = "OL",
  source = "http://ovx.onlab.us/",
  language = "chs"
}

%Myself
@ELECTRONIC{Ryu-1,
  author = "",
  title = "Ryu web site",
  etype = "EB",
  ehowpublished = "OL",
  source = "https://osrg.github.io/Ryu/",
  language = "chs"
}

%Myself
@ELECTRONIC{OpenStack-3,
  author = "",
  title = "OpenStack web site",
  etype = "EB",
  ehowpublished = "OL",
  source = "http://docs.openstack.org/",
  language = "chs"
}

%Myself
@ARTICLE{openflow-1,
  author = "左青云 and 陈鸣",
  title = "基于OpenFlow的SDN技术研究",
  booktitle = "软件学报",
  year = "2013",
  volume = "24",
  number = "5",
  pages = "1081-1083",
  multiseriesmsg = "year, volume, number and pages information for paper published in multi-series journals",
  note = ""
}

%Myself
@ELECTRONIC{openflow-2,
  author = "",
  title = "OpenFlow setup website",
  etype = "EB",
  ehowpublished = "OL",
  source = "[4]http://www.openflow.org/wp/deploy-labsetup",
  language = "chs"
}

%Myself
@INPROCEEDINGS{openflow-3,
  author = "B Pfaff and J Pettit and T Koponen and K Amidon and M Casado and S Shenker",
  title = "Extending networking into the virtualization layer",
  booktitle = "Proc. of the 7th ACM SIGCOMM Workshop on Hot Topics in Networks (HotNets)",
  address = "New York",
  publisher = "ACM Press",
  year = "2009",
  pages = "",
  note = ""
}

%Myself
@INPROCEEDINGS{openflow-4,
  author = "J Naous and D Erickson and G Covington and G Appenzeller and N McKeown",
  title = " Implementing an OpenFlow switch on the NetFPGA",
  booktitle = "Proc. Of the 4th ACM/IEEE Symp. on Architectures for Networking and Communications Systems (ANCS)",
  address = "San Jose",
  publisher = "ACM Press",
  year = "2008",
  pages = "1-9",
  note = ""
}

@PROCEEDINGS{CITATION_PROCEEDINGS,
  editor = "",
  booktitle = "Proceedings of IEEE Global Communications Conference (GLOBECOM'2008)",
  address = "New Orlean, USA",
  publisher = "IEEE",
  year = "2008",
  pages = "",
  note = ""
}

@BOOK{CITATION_BOOK,
  author = "Lippman, Stanley B. and Lajoie, Jos{\'e}e",
  booktitle = "C++ Primer中文版",
  translator = "王刚 and 杨巨烽",
  edition = "5",
  address = "中国",
  publisher = "电子工业出版社",
  year = "2013",
  pages = "1-838",
  language = "chs",
  note = ""
}

%文章
@ARTICLE{CITATION_ARTICLE,
  author = "Erik Dahlman and Bj{\"o}rn Gudmundson and Mats Nilsson and Johan Sk{\"o}ld",
  title = "UMTS/IMT-2000 Based on Wideband CDMA",
  booktitle = "IEEE Communications Magazine",
  year = "1998",
  volume = "36",
  number = "9",
  pages = "70-80",
  multiseriesmsg = "year, volume, number and pages information for paper published in multi-series journals",
  note = ""
}

@PROCEEDINGS{CITATION_PROCEEDINGS,
  editor = "",
  booktitle = "Proceedings of IEEE Global Communications Conference (GLOBECOM'2008)",
  address = "New Orlean, USA",
  publisher = "IEEE",
  year = "2008",
  pages = "",
  note = ""
}

%学报期刊
@INPROCEEDINGS{CITATION_INPROCEEDINGS,
  author = "Jindal, Nihar and Andrews, Jeffrey G. and Weber, Steven",
  title = "Rethinking MIMO for Wireless Networks: Linear Throughput Increases with Multiple Receive Antennas",
  booktitle = "Proceedings of IEEE International Conference on Communications (ICC'2009)",
  address = "Dresden, Germany",
  publisher = "IEEE",
  year = "2009",
  pages = "1-6",
  note = ""
}

%学位论文
@DISSERTATION{CITATION_DISSERTATION,
  author = "Mitola, Joseph",
  title = "Cognitive Radio: An Integrated Agent Architecture for Software Defined Radio",
  address = "Stockholm, Sweden",
  publisher = "Royal Institute of Technology",
  year = "2000",
  pages = "",
  note = ""
}

@TECHREPORT{CITATION_TECHREPORT,
  author = "Prasad, N. and Khojastepour, M. A. and Jiang, M. and Wang, X. and Rangarajan, S.",
  title = "MU-MIMO: Demodulation at the Mobile Station",
  address = "",
  publisher = "IEEE 802.16 Broadband Wireless Access Working Group",
  year = "2009",
  pages = "1-11",
  note = ""
}

%专利
@PATENT{CITATION_PATENT,
  author = "Paulraj, Arogyaswami J. and Heath, Jr, Robert W. and Sebastian, Peroor K. and Gesbert, David J.",
  title = "Spatial Multiplexing in a Cellular Network",
  address = "USA",
  series = "6067290",
  date = "2000-5-23",
  note = ""
}

@STANDARD{CITATION_STANDARD,
  author = "",
  series = "TS 36.211 V10.5.0",
  title = "Physical Channels and Modulation",
  address = "Valbonne, France",
  publisher = "3GPP",
  year = "2012-6",
  note = ""
}

%报纸
@NEWSPAPER{CITATION_NEWSPAPER,
  author = "吴刚",
  title = "立陶宛进入欧元时代",
  booktitle = "人民日报",
  date = "2015-1-2",
  language = "chs",
  note = ""
}

%链接
@ELECTRONIC{CITATION_ELECTRONIC,
  author = "{百度百科}",
  title = "香农公式",
  etype = "EB",
  ehowpublished = "OL",
  source = "http://baike.baidu.com/view/747964.htm",
  date = "2013-10-28",
  language = "chs",
  note = ""
}

@ELECTRONIC{CHANGBANPO,
  author = "赵云 and 曹操 and 刘备 and 甘夫人 and 糜夫人",
  title = "长坂坡",
  etype = "EB",
  ehowpublished = "OL",
  source = "http://baike.baidu.com/subview/428389/5476054.htm",
  language = "chs"
}

@BOOK{SANGUOYANYI,
  author = "罗贯中",
  title = "三国演义",
  edition = "1",
  address = "山西太原",
  year = "元末明初",
  language = "chs"
}

@ELECTRONIC{BUPT_Thesis_Format_2014,
  title = "关于研究生学位论文格式的统一要求",
  author = "北京邮电大学研究生院培养与学位办公室",
  etype = "EB",
  ehowpublished = "OL",
  date = "2014-11",
  source = "http://www.bupt.edu.cn/",
  language = "chs"
}

@ELECTRONIC{BUPT_Thesis_Format_2004,
  title = "关于研究生学位论文格式的统一要求",
  author = "北京邮电大学研究生院培养与学位办公室",
  year = "2004",
  etype = "EB",
  ehowpublished = "OL",
  date = "2004",
  source = "http://www.bupt.edu.cn/",
  language = "chs"
}

@ELECTRONIC{latex-bupt,
  author = "王旭",
  title = "latex-bupt: \LaTeX style for {BUPT} thesis",
  year = "2007",
  etype = "EB",
  ehowpublished = "OL",
  date = "2009-01-14",
  source = "http://code.google.com/p/latex-bupt/",
  language = "chs"
}

@ELECTRONIC{buptthesis,
  author = "张煜",
  title = "北京邮电大学研究生学位论文 \LaTeX{} 文档类",
  year = "2009",
  dhowpublished = "online",
  refdate = "2013-07-06",
  source = "http://code.google.com/p/buptthesis/",
  language = "chs"
}

