%%
%% This is file `example/pubs.bib',
%% generated with the docstrip utility.
%%
%% The original source files were:
%%
%% install/buptgraduatethesis.dtx  (with options: `pubs-bib')
%% 
%% This file is a part of the example of BUPTGraduateThesis.
%% 

%% 这是为评审版本自动产生作者位次专用的 BibTeX 条目
%% 不要更改条目名称 BSTpeerreview
@BUPTGraduateThesisBSTCTL{BSTpeerreview,
  CTLname_author_eng = "{\textbf{Kai~Li}}",
  CTLname_author_chs = "{\textbf{李凯}}",
  CTLswitch_chs_punc = "no",
  CTLswitch_peerreview = "yes"
}

%% 如果学位论文作者在发表论文列表中的作者排名有超过 3 的, 其姓名将不会出现在论文列表中
%% 设置下面的数值可以改变发表论文列表中作者姓名显示的最大数目
@BUPTGraduateThesisBSTCTL{BSTcontrol,
  CTLmaxnum_authors = "3"
}

@INPROCEEDINGS{paper1,
  author = "{\textbf{Kai~Li}} and {Chun~Wang} and {Qiwei~Shen} and {Jingyu~Wang} and {Qi~Qi}",
  title = "MVNC: A SDN-based Multi-tenant Virtual Network Customization Mechanism in Cloud Data Center",
  booktitle = "2016 International Conference on Networking and Network Applications (NaNA)",
  year = "2016",
  pages = "239-243",
  publisher = "IEEE",
  note = "（EI已发表）"
}

@INPROCEEDINGS{paper2,
  author = "{\textbf{Kai~Li}} and {Qi~Qi} and {Jingyu~Wang} and {Jiannan~Bao} and {Zhonghao~Lu}",
  title = "A PSO-Based Virtual SDN Customization for Multi-tenant Cloud Services",
  booktitle = "The 11th International Conference on Ubiquitous Information Management and Communication",
  year = "",
  pages = "",
  publisher = "",
  note = "（EI已录用）"
}